<record><leader>00000cas a22000007a 4500</leader><controlfield tag="001">20703239</controlfield><controlfield tag="008">891128d19691970mduwr ne      0    0eng d</controlfield><datafield ind1=" " ind2=" " tag="010"><subfield code="a">sn 89060318 </subfield></datafield><datafield ind1=" " ind2=" " tag="040"><subfield code="a">MFN</subfield><subfield code="b">eng</subfield><subfield code="c">MFN</subfield><subfield code="d">OCLCQ</subfield></datafield><datafield ind1=" " ind2=" " tag="042"><subfield code="a">msc</subfield></datafield><datafield ind1="0" ind2=" " tag="130"><subfield code="a">Anne Arundel times (Annapolis, Md.)</subfield></datafield><datafield ind1="1" ind2="0" tag="245"><subfield code="a">Anne Arundel times.</subfield></datafield><datafield ind1=" " ind2=" " tag="250"><subfield code="a">Annapolis times ed.</subfield></datafield><datafield ind1=" " ind2=" " tag="260"><subfield code="a">Annapolis, Md. :</subfield><subfield code="b">Elmer M. Jackson, Jr.</subfield></datafield><datafield ind1=" " ind2=" " tag="300"><subfield code="a">v.</subfield></datafield><datafield ind1=" " ind2=" " tag="310"><subfield code="a">Weekly</subfield></datafield><datafield ind1="0" ind2=" " tag="362"><subfield code="a">Vol. 18, no. 44 (Aug. 14, 1969)-v. 19, no. 28 (Apr. 30, 1970).</subfield></datafield><datafield ind1=" " ind2=" " tag="500"><subfield code="a">Issues for Aug. 28, 1969-1970 have edition statement: Annapolis ed.</subfield></datafield><datafield ind1=" " ind2=" " tag="752"><subfield code="a">United States</subfield><subfield code="b">Maryland</subfield><subfield code="c">Anne Arundel</subfield><subfield code="d">Annapolis.</subfield></datafield><datafield ind1="0" ind2=" " tag="775"><subfield code="t">Anne Arundel times (Glen Burnie, Md.)</subfield><subfield code="w">(DLC)sn 89060351</subfield></datafield><datafield ind1="0" ind2="0" tag="780"><subfield code="t">Anne Arundel times and Anne Arundel County star (Glen Burnie, Md. : Annapolis times ed.)</subfield></datafield><datafield ind1="0" ind2="7" tag="785"><subfield code="t">South county sentinel</subfield></datafield><datafield ind1="0" ind2="7" tag="785"><subfield code="t">Anne Arundel times and south county sentinel (Annapolis, Md.)</subfield><subfield code="w">(DLC)sn 89060316</subfield></datafield></record>